@book{dokulil67,
  author = {Miloš Dokulil and Bohuslav Havránek},
  title = {Tvoření slov v češtině},
  publisher = {Academia},
  address = {Praha},
  year = {1967},
  edition = {1. vyd},
}

@book{dokulil62,
  author = {Miloš Dokulil and Bohuslav Havránek},
  title = {Tvoření slov v češtině},
  publisher = {Československá akademie věd},
  address = {Praha},
  year = {1962},
  edition = {1. vyd},
}

@book{cechova00,
  author = {Marie Čechová},
  title = {Čeština - řeč a jazyk},
  publisher = {ISV},
  address = {Praha},
  year = {2000},
  edition = {2., přeprac. vyd},
  isbn = {80-85866-57-9},
}

@inproceedings{sevcikova14,
  title={Word-Formation Network for Czech},
  author={Magda Sevc{\'i}kov{\'a} and Zdenek Zabokrtsk{\'y}},
  booktitle={LREC},
  year={2014}
}

@inproceedings{sevcikova16,
  title={Merging Data Resources for Inflectional and Derivational Morphology in Czech},
  author={Zdenek Zabokrtsk{\'y} and Magda Sevc{\'i}kov{\'a} and Milan Straka and Jon{\'a}s Vidra and Ad{\'e}la Limbursk{\'a}},
  booktitle={LREC},
  year={2016}
}

@book{simandl2016,
  author = {Josef Šimandl},
  title = {Slovník afixů užívaných v češtině},
  publisher = {Univerzita Karlova, nakladatelství Karolinum},
  address = {Praha},
  year = {2016},
  edition = {1. vyd},
  isbn = {978-80-246-3544-6},
}

 @misc{derinet17,
 title = {{DeriNet} 1.5},
 author = {Vidra, Jon{\'a}{\v s} and {\v Z}abokrtsk{\'y}, Zden{\v e}k and {\v S}ev{\v c}{\'{\i}}kov{\'a}, Magda and Kalu{\v z}ov{\'a}, Ad{\'e}la and Mediankin, Nikita and Straka, Milan},
 url = {http://hdl.handle.net/11234/1-2422},
 note = {{LINDAT}/{CLARIN} digital library at the Institute of Formal and Applied Linguistics ({{\'U}FAL}), Faculty of Mathematics and Physics, Charles University},
 copyright = {Attribution-{NonCommercial}-{ShareAlike} 3.0 Unported ({CC} {BY}-{NC}-{SA} 3.0)},
 year = {2017} }